@preamble{ "\newcommand{\noopsort}[1]{} "
	# "\newcommand{\printfirst}[2]{#1} "
	# "\newcommand{\singleletter}[1]{#1} "
	# "\newcommand{\switchargs}[2]{#2#1} " }

@ARTICLE{article-minimal,
   author = {L[eslie] A. Aamport},
   title = {The Gnats and Gnus Document Preparation System},
   journal = {\mbox{G-Animal's} Journal},
   year = 1986,
}

@ARTICLE{article-full,
   author = {L[eslie] A. Aamport},
   title = {The Gnats and Gnus Document Preparation System},
   journal = {\mbox{G-Animal's} Journal},
   year = 1986,
   volume = 41,
   number = 7,
   pages = "73+",
   month = jul,
   note = "This is a full ARTICLE entry",
}

The KEY field is here to override the KEY field in the journal being
cross referenced (so is the NOTE field, in addition to its imparting
information).

@ARTICLE{article-crossref,
   crossref = {WHOLE-JOURNAL},
   key = "",
   author = {L[eslie] A. Aamport},
   title = {The Gnats and Gnus Document Preparation System},
   pages = "73+",
   note = "This is a cross-referencing ARTICLE entry",
}

@ARTICLE{whole-journal,
   key = "GAJ",
   journal = {\mbox{G-Animal's} Journal},
   year = 1986,
   volume = 41,
   number = 7,
   month = jul,
   note = {The entire issue is devoted to gnats and gnus
		(this entry is a cross-referenced ARTICLE (journal))},
}

@INBOOK{inbook-minimal,
   author = "Donald E. Knuth",
   title = "Fundamental Algorithms",
   publisher = "Addison-Wesley",
   year = "{\noopsort{1973b}}1973",
   chapter = "1.2",
}

@INBOOK{inbook-full,
   author = "Donald E. Knuth",
   title = "Fundamental Algorithms",
   volume = 1,
   series = "The Art of Computer Programming",
   publisher = "Addison-Wesley",
   address = "Reading, Massachusetts",
   edition = "Second",
   month = "10~" # jan,
   year = "{\noopsort{1973b}}1973",
   type = "Section",
   chapter = "1.2",
   pages = "10--119",
   note = "This is a full INBOOK entry",
}

@INBOOK{inbook-crossref,
   crossref = "whole-set",
   title = "Fundamental Algorithms",
   volume = 1,
   series = "The Art of Computer Programming",
   edition = "Second",
   year = "{\noopsort{1973b}}1973",
   type = "Section",
   chapter = "1.2",
   note = "This is a cross-referencing INBOOK entry",
}

@BOOK{book-minimal,
   author = "Donald E. Knuth",
   title = "Seminumerical Algorithms",
   publisher = "Addison-Wesley",
   year = "{\noopsort{1973c}}1981",
}

@BOOK{book-full,
   author = "Donald E. Knuth",
   title = "Seminumerical Algorithms",
   volume = 2,
   series = "The Art of Computer Programming",
   publisher = "Addison-Wesley",
   address = "Reading, Massachusetts",
   edition = "Second",
   month = "10~" # jan,
   year = "{\noopsort{1973c}}1981",
   note = "This is a full BOOK entry",
}

@BOOK{book-crossref,
   crossref = "whole-set",
   title = "Seminumerical Algorithms",
   volume = 2,
   series = "The Art of Computer Programming",
   edition = "Second",
   year = "{\noopsort{1973c}}1981",
   note = "This is a cross-referencing BOOK entry",
}

@BOOK{whole-set,
   author = "Donald E. Knuth",
   publisher = "Addison-Wesley",
   title = "The Art of Computer Programming",
   series = "Four volumes",
   year = "{\noopsort{1973a}}{\switchargs{--90}{1968}}",
   note = "Seven volumes planned (this is a cross-referenced set of BOOKs)",
}

@BOOKLET{booklet-minimal,
   key = "Kn{\printfirst{v}{1987}}",
   title = "The Programming of Computer Art",
}

@BOOKLET{booklet-full,
   author = "Jill C. Knvth",
   title = "The Programming of Computer Art",
   howpublished = "Vernier Art Center",
   address = "Stanford, California",
   month = feb,
   year = 1988,
   note = "This is a full BOOKLET entry",
}

@INCOLLECTION{incollection-minimal,
   author = "Daniel D. Lincoll",
   title = "Semigroups of Recurrences",
   booktitle = "High Speed Computer and Algorithm Organization",
   publisher = "Academic Press",
   year = 1977,
}

@INCOLLECTION{incollection-full,
   author = "Daniel D. Lincoll",
   title = "Semigroups of Recurrences",
   editor = "David J. Lipcoll and D. H. Lawrie and A. H. Sameh",
   booktitle = "High Speed Computer and Algorithm Organization",
   number = 23,
   series = "Fast Computers",
   chapter = 3,
   type = "Part",
   pages = "179--183",
   publisher = "Academic Press",
   address = "New York",
   edition = "Third",
   month = sep,
   year = 1977,
   note = "This is a full INCOLLECTION entry",
}

@INCOLLECTION{incollection-crossref,
   crossref = "whole-collection",
   author = "Daniel D. Lincoll",
   title = "Semigroups of Recurrences",
   pages = "179--183",
   note = "This is a cross-referencing INCOLLECTION entry",
}

@BOOK{whole-collection,
   editor = "David J. Lipcoll and D. H. Lawrie and A. H. Sameh",
   title = "High Speed Computer and Algorithm Organization",
   booktitle = "High Speed Computer and Algorithm Organization",
   number = 23,
   series = "Fast Computers",
   publisher = "Academic Press",
   address = "New York",
   edition = "Third",
   month = sep,
   year = 1977,
   note = "This is a cross-referenced BOOK (collection) entry",
}

@MANUAL{manual-minimal,
   key = "Manmaker",
   title = "The Definitive Computer Manual",
}

@MANUAL{manual-full,
   author = "Larry Manmaker",
   title = "The Definitive Computer Manual",
   organization = "Chips-R-Us",
   address = "Silicon Valley",
   edition = "Silver",
   month = apr # "-" # may,
   year = 1986,
   note = "This is a full MANUAL entry",
}

@MASTERSTHESIS{mastersthesis-minimal,
   author = "{\'{E}}douard Masterly",
   title = "Mastering Thesis Writing",
   school = "Stanford University",
   year = 1988,
}

@MASTERSTHESIS{mastersthesis-full,
   author = "{\'{E}}douard Masterly",
   title = "Mastering Thesis Writing",
   school = "Stanford University",
   type = "Master's project",
   address = "English Department",
   month = jun # "-" # aug,
   year = 1988,
   note = "This is a full MASTERSTHESIS entry",
}

@MISC{misc-minimal,
   key = "Missilany",
   note = "This is a minimal MISC entry",
}

@MISC{misc-full,
   author = "Joe-Bob Missilany",
   title = "Handing out random pamphlets in airports",
   howpublished = "Handed out at O'Hare",
   month = oct,
   year = 1984,
   note = "This is a full MISC entry",
}

@STRING{STOC-key = "OX{\singleletter{stoc}}"}

@STRING{ACM = "The OX Association for Computing Machinery"}

@STRING{STOC = " Symposium on the Theory of Computing"}

@INPROCEEDINGS{inproceedings-minimal,
   author = "Alfred V. Oaho and Jeffrey D. Ullman and Mihalis Yannakakis",
   title = "On Notions of Information Transfer in {VLSI} Circuits",
   booktitle = "Proc. Fifteenth Annual ACM" # STOC,
   year = 1983,
}

@INPROCEEDINGS{inproceedings-full,
   author = "Alfred V. Oaho and Jeffrey D. Ullman and Mihalis Yannakakis",
   title = "On Notions of Information Transfer in {VLSI} Circuits",
   editor = "Wizard V. Oz and Mihalis Yannakakis",
   booktitle = "Proc. Fifteenth Annual ACM" # STOC,
   number = 17,
   series = "All ACM Conferences",
   pages = "133--139",
   month = mar,
   year = 1983,
   address = "Boston",
   organization = ACM,
   publisher = "Academic Press",
   note = "This is a full INPROCEDINGS entry",
}

@INPROCEEDINGS{inproceedings-crossref,
   crossref = "whole-proceedings",
   author = "Alfred V. Oaho and Jeffrey D. Ullman and Mihalis Yannakakis",
   title = "On Notions of Information Transfer in {VLSI} Circuits",
   organization = "",
   pages = "133--139",
   note = "This is a cross-referencing INPROCEEDINGS entry",
}

@PROCEEDINGS{proceedings-minimal,
   key = STOC-key,
   title = "Proc. Fifteenth Annual" # STOC,
   year = 1983,
}

@PROCEEDINGS{proceedings-full,
   editor = "Wizard V. Oz and Mihalis Yannakakis",
   title = "Proc. Fifteenth Annual" # STOC,
   number = 17,
   series = "All ACM Conferences",
   month = mar,
   year = 1983,
   address = "Boston",
   organization = ACM,
   publisher = "Academic Press",
   note = "This is a full PROCEEDINGS entry",
}

@PROCEEDINGS{whole-proceedings,
   key = STOC-key,
   organization = ACM,
   title = "Proc. Fifteenth Annual" # STOC,
   address = "Boston",
   year = 1983,
   booktitle = "Proc. Fifteenth Annual ACM" # STOC,
   note = "This is a cross-referenced PROCEEDINGS",
}

@PHDTHESIS{phdthesis-minimal,
   author = "F. Phidias Phony-Baloney",
   title = "Fighting Fire with Fire: Festooning {F}rench Phrases",
   school = "Fanstord University",
   year = 1988,
}

@PHDTHESIS{phdthesis-full,
   author = "F. Phidias Phony-Baloney",
   title = "Fighting Fire with Fire: Festooning {F}rench Phrases",
   school = "Fanstord University",
   type = "{PhD} Dissertation",
   address = "Department of French",
   month = jun # "-" # aug,
   year = 1988,
   note = "This is a full PHDTHESIS entry",
}

@TECHREPORT{techreport-minimal,
   author = "Tom Terrific",
   title = "An {$O(n \log n / \! \log\log n)$} Sorting Algorithm",
   institution = "Fanstord University",
   year = 1988,
}

@TECHREPORT{techreport-full,
   author = "Tom T{\'{e}}rrific",
   title = "An {$O(n \log n / \! \log\log n)$} Sorting Algorithm",
   institution = "Fanstord University",
   type = "Wishful Research Result",
   number = "7",
   address = "Computer Science Department, Fanstord, California",
   month = oct,
   year = 1988,
   note = "This is a full TECHREPORT entry",
}

@UNPUBLISHED{unpublished-minimal,
   author = "Ulrich {\"{U}}nderwood and Ned {\~N}et and Paul {\={P}}ot",
   title = "Lower Bounds for Wishful Research Results",
   note = "Talk at Fanstord University (this is a minimal UNPUBLISHED entry)",
}

@UNPUBLISHED{unpublished-full,
   author = "Ulrich {\"{U}}nderwood and Ned {\~N}et and Paul {\={P}}ot",
   title = "Lower Bounds for Wishful Research Results",
   month = nov # ", " # dec,
   year = 1988,
   note = "Talk at Fanstord University (this is a full UNPUBLISHED entry)",
}

@MISC{random-note-crossref,
   key = {Volume-2},
   note = "Volume~2 is listed under Knuth \cite{book-full}"
}

%=====================================================================================

@inproceedings{salisbury1988preliminary,
  title={Preliminary design of a whole-arm manipulation system (WAMS)},
  author={Salisbury, Kenneth and Townsend, William and Ebrman, B and DiPietro, David},
  booktitle={Proceedings. 1988 IEEE International Conference on Robotics and Automation},
  pages={254--260},
  year={1988},
  organization={IEEE}
}

@ARTICLE{bundledgradients,
  author={Suh, Hyung Ju Terry and Pang, Tao and Tedrake, Russ},
  journal={IEEE Robotics and Automation Letters}, 
  title={Bundled Gradients through Contact via Randomized Smoothing}, 
  year={2022},
  volume={},
  number={},
  pages={1-1},
  doi={10.1109/LRA.2022.3146931}}
  
@article{lavalle1998rapidly,
  title={Rapidly-exploring random trees: A new tool for path planning},
  author={LaValle, Steven M and others},
  year={1998},
  publisher={Ames, IA, USA}
}

@article{dai2021lyapunov,
  title={Lyapunov-stable neural-network control},
  author={Dai, Hongkai and Landry, Benoit and Yang, Lujie and Pavone, Marco and Tedrake, Russ},
  journal={arXiv preprint arXiv:2109.14152},
  year={2021}
}

@article{cheng2021contact,
  title={Contact Mode Guided Motion Planning for Quasidynamic Dexterous Manipulation in 3D},
  author={Cheng, Xianyi and Huang, Eric and Hou, Yifan and Mason, Matthew T},
  journal={arXiv preprint arXiv:2105.14431},
  year={2021}
}

@inproceedings{chen2021trajectotree,
  title={TrajectoTree: Trajectory Optimization Meets Tree Search for Planning Multi-contact Dexterous Manipulation},
  author={Chen, Claire and Culbertson, Preston and Lepert, Marion and Schwager, Mac and Bohg, Jeannette},
  booktitle={2021 IEEE/RSJ International Conference on Intelligent Robots and Systems (IROS)},
  pages={8262--8268},
  year={2021},
  organization={IEEE}
}

@inproceedings{huang2020efficient,
  title={Efficient contact mode enumeration in 3d},
  author={Huang, Eric and Cheng, Xianyi and Mason, Matthew T},
  booktitle={International Workshop on the Algorithmic Foundations of Robotics},
  pages={485--501},
  year={2020},
  organization={Springer}
}

@article{kong2021ilqr,
  title={iLQR for Piecewise-Smooth Hybrid Dynamical Systems},
  author={Kong, Nathan J and Council, George and Johnson, Aaron M},
  journal={arXiv preprint arXiv:2103.14584},
  year={2021}
}

@inproceedings{doshi2020hybrid,
  title={Hybrid differential dynamic programming for planar manipulation primitives},
  author={Doshi, Neel and Hogan, Francois R and Rodriguez, Alberto},
  booktitle={2020 IEEE International Conference on Robotics and Automation (ICRA)},
  pages={6759--6765},
  year={2020},
  organization={IEEE}
}

@article{mordatch2012discovery,
  title={Discovery of complex behaviors through contact-invariant optimization},
  author={Mordatch, Igor and Todorov, Emanuel and Popovi{\'c}, Zoran},
  journal={ACM Transactions on Graphics (TOG)},
  volume={31},
  number={4},
  pages={1--8},
  year={2012},
  publisher={ACM New York, NY, USA}
}

@incollection{manchester2020variational,
  title={Variational contact-implicit trajectory optimization},
  author={Manchester, Zachary and Kuindersma, Scott},
  booktitle={Robotics Research},
  pages={985--1000},
  year={2020},
  publisher={Springer}
}

@article{posa2014direct,
  title={A direct method for trajectory optimization of rigid bodies through contact},
  author={Posa, Michael and Cantu, Cecilia and Tedrake, Russ},
  journal={The International Journal of Robotics Research},
  volume={33},
  number={1},
  pages={69--81},
  year={2014},
  publisher={Sage Publications Sage UK: London, England}
}

@article{landry2019bilevel,
  title={Bilevel optimization for planning through contact: A semidirect method},
  author={Landry, Benoit and Lorenzetti, Joseph and Manchester, Zachary and Pavone, Marco},
  journal={arXiv preprint arXiv:1906.04292},
  year={2019}
}

@inproceedings{wu2020r3t,
  title={R3T: Rapidly-exploring random reachable set tree for optimal kinodynamic planning of nonlinear hybrid systems},
  author={Wu, Albert and Sadraddini, Sadra and Tedrake, Russ},
  booktitle={2020 IEEE International Conference on Robotics and Automation (ICRA)},
  pages={4245--4251},
  year={2020},
  organization={IEEE}
}

@article{gill2005snopt,
  title={SNOPT: An SQP algorithm for large-scale constrained optimization},
  author={Gill, Philip E and Murray, Walter and Saunders, Michael A},
  journal={SIAM review},
  volume={47},
  number={1},
  pages={99--131},
  year={2005},
  publisher={SIAM}
}

@article{wachter2006implementation,
  title={On the implementation of an interior-point filter line-search algorithm for large-scale nonlinear programming},
  author={W{\"a}chter, Andreas and Biegler, Lorenz T},
  journal={Mathematical programming},
  volume={106},
  number={1},
  pages={25--57},
  year={2006},
  publisher={Springer}
}

@book{biegler2010nonlinear,
  title={Nonlinear programming: concepts, algorithms, and applications to chemical processes},
  author={Biegler, Lorenz T},
  year={2010},
  publisher={SIAM}
}

@phdthesis{davidhsu,
author = {Hsu, David},
school = {Stanford},
year = {2000},
month = {07},
pages = {},
title = {Randomized Single-Query Motion Planning In Expansive Spaces}
}

@INPROCEEDINGS{karaman2010optimal,
  author={Karaman, Sertac and Frazzoli, Emilio},
  booktitle={49th IEEE Conference on Decision and Control (CDC)}, 
  title={Optimal kinodynamic motion planning using incremental sampling-based methods}, 
  year={2010},
  volume={},
  number={},
  pages={7681-7687},
doi={10.1109/CDC.2010.5717430}}

@inproceedings{lee2015hierarchical,
  title={Hierarchical planning for multi-contact non-prehensile manipulation},
  author={Lee, Gilwoo and Lozano-P{\'e}rez, Tom{\'a}s and Kaelbling, Leslie Pack},
  booktitle={2015 IEEE/RSJ International Conference on Intelligent Robots and Systems (IROS)},
  pages={264--271},
  year={2015},
  organization={IEEE}
}
  
@INPROCEEDINGS{terry,
  author={Suh, H. J. T. and Xiong, Xiaobin and Singletary, Andrew and Ames, Aaron D. and Burdick, Joel W.},
  booktitle={2020 IEEE/RSJ International Conference on Intelligent Robots and Systems (IROS)}, 
  title={Energy-Efficient Motion Planning for Multi-Modal Hybrid Locomotion}, 
  year={2020},
  volume={},
  number={},
  pages={7027-7033},
  doi={10.1109/IROS45743.2020.9340761}}
  
@inproceedings{shkolnik2009reachability,
title={Reachability-guided sampling for planning under differential constraints},
author={Shkolnik, Alexander and Walter, Matthew and Tedrake, Russ},
booktitle={2009 IEEE International Conference on Robotics and Automation},
pages={2859--2865},
year={2009},
organization={IEEE}
}

@inproceedings{chen2022system,
  title={A system for general in-hand object re-orientation},
  author={Chen, Tao and Xu, Jie and Agrawal, Pulkit},
  booktitle={Conference on Robot Learning},
  pages={297--307},
  year={2022},
  organization={PMLR}
}

@article{andrychowicz2020learning,
  title={Learning dexterous in-hand manipulation},
  author={Andrychowicz, OpenAI: Marcin and Baker, Bowen and Chociej, Maciek and Jozefowicz, Rafal and McGrew, Bob and Pachocki, Jakub and Petron, Arthur and Plappert, Matthias and Powell, Glenn and Ray, Alex and others},
  journal={The International Journal of Robotics Research},
  volume={39},
  number={1},
  pages={3--20},
  year={2020},
  publisher={SAGE Publications Sage UK: London, England}
}

@article{antipodal,
  title={Finding antipodal point grasps on irregularly shaped objects},
  author={I-Ming Chen and Joel W. Burdick},
  journal={Proceedings 1992 IEEE International Conference on Robotics and Automation},
  year={1992},
  pages={2278-2283 vol.3}
}

@inproceedings{eigengrasp,
  title={Dexterous Grasping via Eigengrasps : A Low-dimensional Approach to a High-complexity Problem},
  author={Matei T. Ciocarlie and Corey Goldfeder and Peter K. Allen},
  year={2007}
}

@inproceedings{marcucci2017approximate,
  title={Approximate hybrid model predictive control for multi-contact push recovery in complex environments},
  author={Marcucci, Tobia and Deits, Robin and Gabiccini, Marco and Bicchi, Antonio and Tedrake, Russ},
  booktitle={2017 IEEE-RAS 17th International Conference on Humanoid Robotics (Humanoids)},
  pages={31--38},
  year={2017},
  organization={IEEE}
}

@incollection{hogan2020feedback,
  title={Feedback control of the pusher-slider system: A story of hybrid and underactuated contact dynamics},
  author={Hogan, Fran{\c{c}}ois Robert and Rodriguez, Alberto},
  booktitle={Algorithmic Foundations of Robotics XII},
  pages={800--815},
  year={2020},
  publisher={Springer}
}

@inproceedings{aceituno2020global,
  title={A global quasi-dynamic model for contact-trajectory optimization},
  author={Aceituno-Cabezas, Bernardo and Rodriguez, Alberto},
  booktitle={Robotics: Science and Systems (RSS)},
  year={2020}
}

@inproceedings{wu2020nearest,
  title={The nearest polytope problem: Algorithms and application to controlling hybrid systems},
  author={Wu, Albert and Sadraddini, Sadra and Tedrake, Russ},
  booktitle={2020 American Control Conference (ACC)},
  pages={1815--1822},
  year={2020},
  organization={IEEE}
}

@article{marcucci2021shortest,
  title={Shortest paths in graphs of convex sets},
  author={Marcucci, Tobia and Umenberger, Jack and Parrilo, Pablo A and Tedrake, Russ},
  journal={arXiv preprint arXiv:2101.11565},
  year={2021}
}

@inproceedings{marcucci2019mixed,
  title={Mixed-integer formulations for optimal control of piecewise-affine systems},
  author={Marcucci, Tobia and Tedrake, Russ},
  booktitle={Proceedings of the 22nd ACM International Conference on Hybrid Systems: Computation and Control},
  pages={230--239},
  year={2019}
}

@inproceedings{kumar2014real,
  title={Real-time behaviour synthesis for dynamic hand-manipulation},
  author={Kumar, Vikash and Tassa, Yuval and Erez, Tom and Todorov, Emanuel},
  booktitle={2014 IEEE International Conference on Robotics and Automation (ICRA)},
  pages={6808--6815},
  year={2014},
  organization={IEEE}
}

@inproceedings{mordatch2012contact,
  title={Contact-invariant optimization for hand manipulation},
  author={Mordatch, Igor and Popovi{\'c}, Zoran and Todorov, Emanuel},
  booktitle={Proceedings of the ACM SIGGRAPH/Eurographics symposium on computer animation},
  pages={137--144},
  year={2012}
}

@inproceedings{onol2020tuning,
  title={Tuning-free contact-implicit trajectory optimization},
  author={{\"O}nol, Aykut {\"O}zgun and Corcodel, Radu and Long, Philip and Pad{\i}r, Ta{\c{s}}k{\i}n},
  booktitle={2020 IEEE International Conference on Robotics and Automation (ICRA)},
  pages={1183--1189},
  year={2020},
  organization={IEEE}
}

@inproceedings{pang2021convex,
  title={A convex quasistatic time-stepping scheme for rigid multibody systems with contact and friction},
  author={Pang, Tao and Tedrake, Russ},
  booktitle={2021 IEEE International Conference on Robotics and Automation (ICRA)},
  pages={6614--6620},
  year={2021},
  organization={IEEE}
}

@article{stewart2000rigid,
  title={Rigid-body dynamics with friction and impact},
  author={Stewart, David E},
  journal={SIAM review},
  volume={42},
  number={1},
  pages={3--39},
  year={2000},
  publisher={Society for Industrial and Applied Mathematics}
}

@article{werling2021fast,
  title={Fast and feature-complete differentiable physics for articulated rigid bodies with contact},
  author={Werling, Keenon and Omens, Dalton and Lee, Jeongseok and Exarchos, Ioannis and Liu, C Karen},
  journal={arXiv preprint arXiv:2103.16021},
  year={2021}
}

@misc{suh2022differentiable,
      title={Do Differentiable Simulators Give Better Policy Gradients?}, 
      author={H. J. Terry Suh and Max Simchowitz and Kaiqing Zhang and Russ Tedrake},
      year={2022},
      eprint={2202.00817},
      archivePrefix={arXiv},
      primaryClass={cs.LG}
}

@misc{haddad2021anytime,
      title={Anytime Ellipsoidal Over-approximation of Forward Reach Sets of Uncertain Linear Systems}, 
      author={Shadi Haddad and Abhishek Halder},
      year={2021},
      eprint={2103.04545},
      archivePrefix={arXiv},
      primaryClass={eess.SY}
}

@misc{nagabandi2019deep,
      title={Deep Dynamics Models for Learning Dexterous Manipulation}, 
      author={Anusha Nagabandi and Kurt Konoglie and Sergey Levine and Vikash Kumar},
      year={2019},
      eprint={1909.11652},
      archivePrefix={arXiv},
      primaryClass={cs.RO}
}

@misc{rajeswaran2018learning,
      title={Learning Complex Dexterous Manipulation with Deep Reinforcement Learning and Demonstrations}, 
      author={Aravind Rajeswaran and Vikash Kumar and Abhishek Gupta and Giulia Vezzani and John Schulman and Emanuel Todorov and Sergey Levine},
      year={2018},
      eprint={1709.10087},
      archivePrefix={arXiv},
      primaryClass={cs.LG}
}

@INPROCEEDINGS{extrinsic,
  author={Dafle, Nikhil Chavan and Rodriguez, Alberto and Paolini, Robert and Tang, Bowei and Srinivasa, Siddhartha S. and Erdmann, Michael and Mason, Matthew T. and Lundberg, Ivan and Staab, Harald and Fuhlbrigge, Thomas},
  booktitle={2014 IEEE International Conference on Robotics and Automation (ICRA)}, 
  title={Extrinsic dexterity: In-hand manipulation with external forces}, 
  year={2014},
  volume={},
  number={},
  pages={1578-1585},
  doi={10.1109/ICRA.2014.6907062}}
  
@misc{motioncones,
      title={In-Hand Manipulation via Motion Cones}, 
      author={Nikhil Chavan-Dafle and Rachel Holladay and Alberto Rodriguez},
      year={2019},
      eprint={1810.00219},
      archivePrefix={arXiv},
      primaryClass={cs.RO}
}

@article{lynch1996stable,
  title={Stable pushing: Mechanics, controllability, and planning},
  author={Lynch, Kevin M and Mason, Matthew T},
  journal={The international journal of robotics research},
  volume={15},
  number={6},
  pages={533--556},
  year={1996},
  publisher={Sage Publications Sage CA: Thousand Oaks, CA}
}

@article{lidec2022leveraging,
  title={Leveraging Randomized Smoothing for Optimal Control of Nonsmooth Dynamical Systems},
  author={Lidec, Quentin Le and Montaut, Louis and Schmid, Cordelia and Laptev, Ivan and Carpentier, Justin},
  journal={arXiv preprint arXiv:2203.03986},
  year={2022}
}

@book{clarke,
  author = {Clarke, F.H.},
  publisher = {Wiley New York},
  title = {{Optimization and Nonsmooth Analysis}},
  year = 1983
}

@article{duchi2,
author = {Duchi, John and Bartlett, Peter and Wainwright, Martin},
year = {2011},
month = {03},
pages = {},
title = {Randomized Smoothing for Stochastic Optimization},
volume = {22},
journal = {SIAM Journal on Optimization},
doi = {10.1137/110831659}
}

@inbook{gradientsampling,
author = {Burke, James and Curtis, Frank E. and Lewis, Adrian and Overton, Michael and Simões, Lucas},
year = {2020},
month = {02},
pages = {201-225},
title = {Gradient Sampling Methods for Nonsmooth Optimization},
isbn = {978-3-030-34909-7},
}

@article{huang2021plasticinelab,
  title={Plasticinelab: A soft-body manipulation benchmark with differentiable physics},
  author={Huang, Zhiao and Hu, Yuanming and Du, Tao and Zhou, Siyuan and Su, Hao and Tenenbaum, Joshua B and Gan, Chuang},
  journal={arXiv preprint arXiv:2104.03311},
  year={2021}
}

@article{howell2022trajectory,
  title={Trajectory optimization with optimization-based dynamics},
  author={Howell, Taylor and Le Cleac'h, Simon and Singh, Sumeet and Florence, Peter and Manchester, Zachary and Sindhwani, Vikas},
  journal={IEEE Robotics and Automation Letters},
  year={2022},
  publisher={IEEE}
}

@article{howell2022dojo,
  title={Dojo: A Differentiable Simulator for Robotics},
  author={Howell, Taylor A and Cleac'h, Simon Le and Kolter, J Zico and Schwager, Mac and Manchester, Zachary},
  journal={arXiv preprint arXiv:2203.00806},
  year={2022}
}

@book{mason2001mechanics,
  title={Mechanics of robotic manipulation},
  author={Mason, Matthew T},
  year={2001},
  publisher={MIT press}
}

@article{castro2021unconstrained,
  title={An unconstrained convex formulation of compliant contact},
  author={Castro, Alejandro M and Permenter, Frank N and Han, Xuchen},
  journal={IEEE Transactions on Robotics},
  year={2022},
  publisher={IEEE}
}

@article{le2021differentiable,
  title={Differentiable simulation for physical system identification},
  author={Le Lidec, Quentin and Kalevatykh, Igor and Laptev, Ivan and Schmid, Cordelia and Carpentier, Justin},
  journal={IEEE Robotics and Automation Letters},
  volume={6},
  number={2},
  pages={3413--3420},
  year={2021},
  publisher={IEEE}
}

@article{anitescu2006optimization,
  title={Optimization-based simulation of nonsmooth rigid multibody dynamics},
  author={Anitescu, Mihai},
  journal={Mathematical Programming},
  volume={105},
  number={1},
  pages={113--143},
  year={2006},
  publisher={Springer}
}


@inproceedings{kolbert2016experimental,
  title={Experimental validation of contact dynamics for in-hand manipulation},
  author={Kolbert, Roman and Chavan-Dafle, Nikhil and Rodriguez, Alberto},
  booktitle={International Symposium on Experimental Robotics},
  pages={633--645},
  year={2016},
  organization={Springer}
}

@inproceedings{todorov2012mujoco,
  title={Mujoco: A physics engine for model-based control},
  author={Todorov, Emanuel and Erez, Tom and Tassa, Yuval},
  booktitle={2012 IEEE/RSJ international conference on intelligent robots and systems},
  pages={5026--5033},
  year={2012},
  organization={IEEE}
}

@article{kurtz2022contact,
  title={Contact-Implicit Trajectory Optimization with Hydroelastic Contact and iLQR},
  author={Kurtz, Vince and Lin, Hai},
  journal={arXiv preprint arXiv:2202.13986},
  year={2022}
}

@article{landry2019differentiable,
  title={A differentiable augmented lagrangian method for bilevel nonlinear optimization},
  author={Landry, Benoit and Manchester, Zachary and Pavone, Marco},
  journal={arXiv preprint arXiv:1902.03319},
  year={2019}
}

@article{hogan1985impedance,
  title={Impedance control: An approach to manipulation: Part I—Theory},
  author={Hogan, Neville},
  year={1985}
}

@book{boyd2004convex,
  title={Convex optimization},
  author={Boyd, Stephen P and Vandenberghe, Lieven},
  year={2004},
  publisher={Cambridge university press}
}

@manual{mosek,
   author = "MOSEK ApS",
   title = "Mosek Modeling Cookbook",
   year = 2021,
   url = "https://docs.mosek.com/MOSEKModelingCookbook-letter.pdf"
 }
 
 @inproceedings{carpentier2018analytical,
  title={Analytical derivatives of rigid body dynamics algorithms},
  author={Carpentier, Justin and Mansard, Nicolas},
  booktitle={Robotics: Science and systems (RSS 2018)},
  year={2018}
}

@article{agrawal2019differentiatingcone,
  title={Differentiating through a cone program},
  author={Agrawal, Akshay and Barratt, Shane and Boyd, Stephen and Busseti, Enzo and Moursi, Walaa M},
  journal={arXiv preprint arXiv:1904.09043},
  year={2019}
}

@article{anitescu1996formulating,
  title={Formulating three-dimensional contact dynamics problems},
  author={Anitescu, Mihai and Cremer, James F and Potra, Florian A},
  journal={Journal of Structural Mechanics},
  volume={24},
  number={4},
  pages={405--437},
  year={1996},
  publisher={Taylor \& Francis}
}

@inbook{contactkalmanfilter,
author = {Varin, Patrick and Kuindersma, Scott},
year = {2020},
month = {05},
pages = {474-490},
book = {Algorithmic Foundation of Robotics XIII},
title = {A Constrained Kalman Filter for Rigid Body Systems with Frictional Contact},
isbn = {978-3-030-44050-3},
doi = {10.1007/978-3-030-44051-0_28}
}

@misc{drake,
 author = "Russ Tedrake and the Drake Development Team",
 title = "Drake: Model-based design and verification for robotics",
 year = 2019,
 url = "https://drake.mit.edu"
}

@misc{allegrohand,
 author = "Wonik Robotics",
 title = "Allegro Hand v4",
 year = 2022,
 url = "http://wiki.wonikrobotics.com/AllegroHandWiki/index.php/Allegro_Hand_v4.0"
}

@misc{beautifulamazon,
 author = {O'Neill, Sean},
 title = "How Amazon Robotics researchers are solving a “beautiful problem”",
 year = 2022,
 url = "https://www.amazon.science/latest-news/how-amazon-robotics-researchers-are-solving-a-beautiful-problem"
}



@MISC{eigenweb,
  author = {Ga\"{e}l Guennebaud and Beno\^{i}t Jacob and others},
  title = {Eigen v3},
  howpublished = {http://eigen.tuxfamily.org},
  year = {2010}
 }
 
@article{stein,
author = {Stein, Charles and Diaconis, Persi and Holmes, Susan and Reinert, Gesine},
year = {2004},
month = {01},
pages = {},
title = {Use of exchangeable pairs in the analysis of simulations},
volume = {46},
isbn = {0-940600-62-5},
doi = {10.1214/lnms/1196283797}
}

@inproceedings{stein2,
 author = {Yang, Zhuoran and Balasubramanian, Krishnakumar and Wang, Zhaoran and Liu, Han},
 booktitle = {Advances in Neural Information Processing Systems},
 editor = {I. Guyon and U. Von Luxburg and S. Bengio and H. Wallach and R. Fergus and S. Vishwanathan and R. Garnett},
 pages = {},
 publisher = {Curran Associates, Inc.},
 title = {Estimating High-dimensional Non-Gaussian Multiple Index Models via Stein’s Lemma},
 url = {https://proceedings.neurips.cc/paper/2017/file/4db0f8b0fc895da263fd77fc8aecabe4-Paper.pdf},
 volume = {30},
 year = {2017}
}

@misc{scs,
    author       = {Brendan O'Donoghue and Eric Chu and Neal Parikh and Stephen Boyd},
    title        = {{SCS}: Splitting Conic Solver, version 3.2.1},
    howpublished = {\url{https://github.com/cvxgrp/scs}},
    month        = nov,
    year         = 2021
}

@article{diamond2016cvxpy,
  author  = {Steven Diamond and Stephen Boyd},
  title   = {{CVXPY}: {A} {P}ython-embedded modeling language for convex optimization},
  journal = {Journal of Machine Learning Research},
  year    = {2016},
  volume  = {17},
  number  = {83},
  pages   = {1--5},
}

@inproceedings{kingma,
 author = {Kingma, Durk P and Salimans, Tim and Welling, Max},
 booktitle = {Advances in Neural Information Processing Systems},
 editor = {C. Cortes and N. Lawrence and D. Lee and M. Sugiyama and R. Garnett},
 pages = {},
 publisher = {Curran Associates, Inc.},
 title = {Variational Dropout and the Local Reparameterization Trick},
 volume = {28},
 year = {2015}
}

@article{reinforce,
    title={Simple Statistical Gradient-Following Algorithms for Connectionist Reinforcement Learning},
    author={Williams, Ronald J.},
    year={1992},
    volume={3},
    journal={Machine Learning},
    Month={05}
}

@misc{kpam,
  doi = {10.48550/ARXIV.1903.06684},
  url = {https://arxiv.org/abs/1903.06684},
  author = {Manuelli, Lucas and Gao, Wei and Florence, Peter and Tedrake, Russ},
  keywords = {Robotics (cs.RO), FOS: Computer and information sciences, FOS: Computer and information sciences},
  title = {kPAM: KeyPoint Affordances for Category-Level Robotic Manipulation},
  publisher = {arXiv},
  year = {2019},
}

@book{murray2017mathematical,
  title={A mathematical introduction to robotic manipulation},
  author={Murray, Richard M and Li, Zexiang and Sastry, S Shankar},
  year={2017},
  publisher={CRC press}
}

@article{pang2021easing,
  title={Easing Reliance on Collision-free Planning with Contact-aware Control},
  author={Pang, Tao and Tedrake, Russ},
  journal={arXiv preprint arXiv:2109.09846},
  year={2021}
}


@article{teg,
author = {Bangaru, Sai Praveen and Michel, Jesse and Mu, Kevin and Bernstein, Gilbert and Li, Tzu-Mao and Ragan-Kelley, Jonathan},
title = {Systematically Differentiating Parametric Discontinuities},
year = {2021},
issue_date = {August 2021},
publisher = {Association for Computing Machinery},
address = {New York, NY, USA},
volume = {40},
number = {4},
issn = {0730-0301},
doi = {10.1145/3450626.3459775},
journal = {ACM Trans. Graph.},
month = jul,
articleno = {107},
numpages = {18},
keywords = {differentiable graphics, differentiable physics, differentiable rendering, differentiable programming, automatic differentiation, domain-specific language}
}


@inproceedings{lgp,
  author={Marc Toussaint},
  title={Logic-Geometric Programming: An Optimization-Based Approach to Combined Task and Motion Planning},
  year={2015},
  cdate={1420070400000},
  pages={1930-1936},
  url={http://ijcai.org/Abstract/15/274},
  booktitle={IJCAI},
}

@article{shortcutting,
author = {Roland Geraerts and Mark H. Overmars},
title ={Creating High-quality Paths for Motion Planning},
journal = {The International Journal of Robotics Research},
volume = {26},
number = {8},
pages = {845-863},
year = {2007},
doi = {10.1177/0278364907079280},
URL = { 
        https://doi.org/10.1177/0278364907079280
},
eprint = { 
        https://doi.org/10.1177/0278364907079280
}
,
}

@article{li2018implicit,
  title={An implicit frictional contact solver for adaptive cloth simulation},
  author={Li, Jie and Daviet, Gilles and Narain, Rahul and Bertails-Descoubes, Florence and Overby, Matthew and Brown, George E and Boissieux, Laurence},
  journal={ACM Transactions on Graphics (TOG)},
  volume={37},
  number={4},
  pages={1--15},
  year={2018},
  publisher={ACM New York, NY, USA}
}

@book{siciliano2008springer,
  title={Springer handbook of robotics},
  author={Siciliano, Bruno and Khatib, Oussama and Kr{\"o}ger, Torsten},
  volume={200},
  year={2008},
  publisher={Springer}
}

@article{marcucci2022motion,
  title={Motion Planning around Obstacles with Convex Optimization},
  author={Marcucci, Tobia and Petersen, Mark and von Wrangel, David and Tedrake, Russ},
  journal={arXiv preprint arXiv:2205.04422},
  year={2022}
}

@inproceedings{SiggraphContact22,
  author = {Andrews, Sheldon and Erleben, Kenny and Ferguson, Zachary},
  title = {Contact and Friction Simulation for Computer Graphics},
  year = {2022},
  publisher = {Association for Computing Machinery},
  address = {New York, NY, USA},
  url = {},
  doi = {},
  booktitle = {ACM SIGGRAPH 2022 Courses},
  articleno = {2},
  numpages = {124},
  location = {Hybrid Event, Vancouver, Canada},
  series = {SIGGRAPH '22}
}

@inproceedings{huang2021efficient,
  title={Efficient contact mode enumeration in 3d},
  author={Huang, Eric and Cheng, Xianyi and Mason, Matthew T},
  booktitle={International Workshop on the Algorithmic Foundations of Robotics},
  pages={485--501},
  year={2021},
  organization={Springer}
}

@book{underactuated,
  title        = "Underactuated Robotics",
  subtitle     = "Algorithms for Walking, Running, Swimming, Flying, and Manipulation",
  howpublished = "Course Notes for MIT 6.832",
  author       = "Tedrake, Russ",
  year         = 2022,
  url          = "https://underactuated.csail.mit.edu",
}

@article{anitescu1997formulating,
  title={Formulating dynamic multi-rigid-body contact problems with friction as solvable linear complementarity problems},
  author={Anitescu, Mihai and Potra, Florian A},
  journal={Nonlinear Dynamics},
  volume={14},
  number={3},
  pages={231--247},
  year={1997},
  publisher={Springer}
}

@article{bertsekas1997nonlinear,
  title={Nonlinear programming},
  author={Bertsekas, Dimitri P},
  journal={Journal of the Operational Research Society},
  volume={48},
  number={3},
  pages={334--334},
  year={1997},
  publisher={Taylor \& Francis}
}

@book{nocedal1999numerical,
  title={Numerical optimization},
  author={Nocedal, Jorge and Wright, Stephen J},
  year={1999},
  publisher={Springer}
}

@inproceedings{tassa2012synthesis,
  title={Synthesis and stabilization of complex behaviors through online trajectory optimization},
  author={Tassa, Yuval and Erez, Tom and Todorov, Emanuel},
  booktitle={2012 IEEE/RSJ International Conference on Intelligent Robots and Systems},
  pages={4906--4913},
  year={2012},
  organization={IEEE}
}

@inproceedings{todorov2005generalized,
  title={A generalized iterative LQG method for locally-optimal feedback control of constrained nonlinear stochastic systems},
  author={Todorov, Emanuel and Li, Weiwei},
  booktitle={Proceedings of the 2005, American Control Conference, 2005.},
  pages={300--306},
  year={2005},
  organization={IEEE}
}

@inproceedings{dai2014whole,
  title={Whole-body motion planning with centroidal dynamics and full kinematics},
  author={Dai, Hongkai and Valenzuela, Andr{\'e}s and Tedrake, Russ},
  booktitle={2014 IEEE-RAS International Conference on Humanoid Robots},
  pages={295--302},
  year={2014},
  organization={IEEE}
}

@book{bertsimas1997introduction,
  title={Introduction to linear optimization},
  author={Bertsimas, Dimitris and Tsitsiklis, John N},
  volume={6},
  year={1997},
  publisher={Athena scientific Belmont, MA}
}

@article{marcucci2020warm,
  title={Warm start of mixed-integer programs for model predictive control of hybrid systems},
  author={Marcucci, Tobia and Tedrake, Russ},
  journal={IEEE Transactions on Automatic Control},
  volume={66},
  number={6},
  pages={2433--2448},
  year={2020},
  publisher={IEEE}
}

@inproceedings{deits2019lvis,
  title={LVIS: Learning from value function intervals for contact-aware robot controllers},
  author={Deits, Robin and Koolen, Twan and Tedrake, Russ},
  booktitle={2019 International Conference on Robotics and Automation (ICRA)},
  pages={7762--7768},
  year={2019},
  organization={IEEE}
}

@inproceedings{aydinoglu2022real,
  title={Real-time multi-contact model predictive control via admm},
  author={Aydinoglu, Alp and Posa, Michael},
  booktitle={2022 International Conference on Robotics and Automation (ICRA)},
  pages={3414--3421},
  year={2022},
  organization={IEEE}
}

@book{lavalle2006planning,
  title={Planning algorithms},
  author={LaValle, Steven M},
  year={2006},
  publisher={Cambridge university press}
}

@article{handa2022dextreme,
  title={DeXtreme: Transfer of Agile In-hand Manipulation from Simulation to Reality},
  author={Handa, Ankur and Allshire, Arthur and Makoviychuk, Viktor and Petrenko, Aleksei and Singh, Ritvik and Liu, Jingzhou and Makoviichuk, Denys and Van Wyk, Karl and Zhurkevich, Alexander and Sundaralingam, Balakumar and others},
  journal={arXiv preprint arXiv:2210.13702},
  year={2022}
}

@inproceedings{tobin2017domain,
  title={Domain randomization for transferring deep neural networks from simulation to the real world},
  author={Tobin, Josh and Fong, Rachel and Ray, Alex and Schneider, Jonas and Zaremba, Wojciech and Abbeel, Pieter},
  booktitle={2017 IEEE/RSJ international conference on intelligent robots and systems (IROS)},
  pages={23--30},
  year={2017},
  organization={IEEE}
}

@article{schulman2017ppo,
  title={Proximal policy optimization algorithms},
  author={Schulman, John and Wolski, Filip and Dhariwal, Prafulla and Radford, Alec and Klimov, Oleg},
  journal={arXiv preprint arXiv:1707.06347},
  year={2017}
}

@article{pang2022global,
  title={Global Planning for Contact-Rich Manipulation via Local Smoothing of Quasi-dynamic Contact Models},
  author={Pang, Tao and Suh, HJ and Yang, Lujie and Tedrake, Russ},
  journal={arXiv preprint arXiv:2206.10787},
  year={2022}
}

@inproceedings{todorov2014convex,
  title={Convex and analytically-invertible dynamics with contacts and constraints: Theory and implementation in MuJoCo},
  author={Todorov, Emanuel},
  booktitle={2014 IEEE International Conference on Robotics and Automation (ICRA)},
  pages={6054--6061},
  year={2014},
  organization={IEEE}
}

@Article{mason1986mechanics,
  author    = {Mason, Matthew T},
  title     = {Mechanics and planning of manipulator pushing operations},
  journal   = {The International Journal of Robotics Research},
  year      = {1986},
  volume    = {5},
  number    = {3},
  pages     = {53--71},
  publisher = {Sage Publications Sage CA: Thousand Oaks, CA},
}

@Article{goyal1991planar,
  author    = {Goyal, Suresh and Ruina, Andy and Papadopoulos, Jim},
  title     = {Planar sliding with dry friction part 1. limit surface and moment function},
  journal   = {Wear},
  year      = {1991},
  volume    = {143},
  number    = {2},
  pages     = {307--330},
  publisher = {Elsevier},
}

@Article{howe1996practical,
  author    = {Howe, Robert D and Cutkosky, Mark R},
  title     = {Practical force-motion models for sliding manipulation},
  journal   = {The International Journal of Robotics Research},
  year      = {1996},
  volume    = {15},
  number    = {6},
  pages     = {557--572},
  publisher = {Sage Publications Sage CA: Thousand Oaks, CA},
}

@InProceedings{zhou2017fast,
  author    = {Zhou, Jiaji and Bagnell, J Andrew and Mason, Matthew T},
  title     = {A Fast Stochastic Contact Model for Planar Pushing and Grasping: Theory and Experimental Validation},
  booktitle = {Robotics: Science and systems XIII},
  year      = {2017},
}

@Article{pang1996complementarity,
  author    = {Pang, Jong-Shi and Trinkle, Jeffrey C and Lo, Grace},
  title     = {A complementarity approach to a quasistatic multi-rigid-body contact problem},
  journal   = {Computational Optimization and Applications},
  year      = {1996},
  volume    = {5},
  number    = {2},
  pages     = {139--154},
  publisher = {Springer},
}

@inproceedings{trinkle1993dexterous,
  title={Dexterous manipulation planning and execution of an enveloped slippery workpiece},
  author={Trinkle, Jeffrey C and Ram, RC and Farahat, AO and Stiller, Peter F},
  booktitle={[1993] Proceedings IEEE International Conference on Robotics and Automation},
  pages={442--448},
  year={1993},
  organization={IEEE}
}

@inproceedings{pang2018robust,
  title={A robust time-stepping scheme for quasistatic rigid multibody systems},
  author={Pang, Tao and Tedrake, Russ},
  booktitle={2018 IEEE/RSJ International Conference on Intelligent Robots and Systems (IROS)},
  pages={5640--5647},
  year={2018},
  organization={IEEE}
}

@inproceedings{halm2018quasi,
  title={A Quasi-static Model and Simulation Approach for Pushing, Grasping, and Jamming},
  author={Halm, Mathew and Posa, Michael},
  booktitle={International Workshop on the Algorithmic Foundations of Robotics},
  pages={491--507},
  year={2018},
  organization={Springer}
}

@article{ott2008passivity,
  title={On the passivity-based impedance control of flexible joint robots},
  author={Ott, Christian and Albu-Schaffer, Alin and Kugi, Andreas and Hirzinger, Gerd},
  journal={IEEE Transactions on Robotics},
  volume={24},
  number={2},
  pages={416--429},
  year={2008},
  publisher={IEEE}
}

@inproceedings{aydinoglu2020contact,
  title={Contact-aware controller design for complementarity systems},
  author={Aydinoglu, Alp and Preciado, Victor M and Posa, Michael},
  booktitle={2020 IEEE International Conference on Robotics and Automation (ICRA)},
  pages={1525--1531},
  year={2020},
  organization={IEEE}
}

@inproceedings{ratliff2009chomp,
  title={CHOMP: Gradient optimization techniques for efficient motion planning},
  author={Ratliff, Nathan and Zucker, Matt and Bagnell, J Andrew and Srinivasa, Siddhartha},
  booktitle={2009 IEEE International Conference on Robotics and Automation},
  pages={489--494},
  year={2009},
  organization={IEEE}
}

@inproceedings{pan2012fcl,
  title={FCL: A general purpose library for collision and proximity queries},
  author={Pan, Jia and Chitta, Sachin and Manocha, Dinesh},
  booktitle={2012 IEEE International Conference on Robotics and Automation},
  pages={3859--3866},
  year={2012},
  organization={IEEE}
}

@article{mason2018toward,
  title={Toward robotic manipulation},
  author={Mason, Matthew T},
  journal={Annual Review of Control, Robotics, and Autonomous Systems},
  volume={1},
  pages={1--28},
  year={2018},
  publisher={Annual Reviews}
}

@article{nakamura1987task,
  title={Task-priority based redundancy control of robot manipulators},
  author={Nakamura, Yoshihiko and Hanafusa, Hideo and Yoshikawa, Tsuneo},
  journal={The International Journal of Robotics Research},
  volume={6},
  number={2},
  pages={3--15},
  year={1987},
  publisher={Sage Publications Sage UK: London, England}
}

@inproceedings{siciliano1991general,
  title={A general framework for managing multiple tasks in highly redundant robotic systems},
  author={Siciliano, Bruno and Slotine, J-JE},
  booktitle={Fifth International Conference on Advanced Robotics' Robots in Unstructured Environments},
  pages={1211--1216},
  year={1991},
  organization={IEEE}
}

@article{aghili2005unified,
  title={A unified approach for inverse and direct dynamics of constrained multibody systems based on linear projection operator: applications to control and simulation},
  author={Aghili, Farhad},
  journal={IEEE Transactions on Robotics},
  volume={21},
  number={5},
  pages={834--849},
  year={2005},
  publisher={IEEE}
}

@inproceedings{jorda2019contact,
  title={Contact-Driven Posture Behavior for Safe and Interactive Robot Operation},
  author={Jorda, Mikael and Herrero, Elena Galbally and Khatib, Oussama},
  booktitle={2019 International Conference on Robotics and Automation (ICRA)},
  pages={9243--9249},
  year={2019},
  organization={IEEE}
}

@inproceedings{dehio2018modeling,
  title={Modeling and control of multi-arm and multi-leg robots: Compensating for object dynamics during grasping},
  author={Dehio, Niels and Smith, Joshua and Wigand, Dennis Leroy and Xin, Guiyang and Lin, Hsiu-Chin and Steil, Jochen J and Mistry, Michael},
  booktitle={2018 IEEE International Conference on Robotics and Automation (ICRA)},
  pages={294--301},
  year={2018},
  organization={IEEE}
}

@inproceedings{kuindersma2014efficiently,
  title={An efficiently solvable quadratic program for stabilizing dynamic locomotion},
  author={Kuindersma, Scott and Permenter, Frank and Tedrake, Russ},
  booktitle={2014 IEEE International Conference on Robotics and Automation (ICRA)},
  pages={2589--2594},
  year={2014},
  organization={IEEE}
}

@article{duindam2006port,
  title={Port-based modeling and control for efficient bipedal walking robots},
  author={Duindam, Vincent},
  journal={These de doctorat, University of Twente},
  year={2006}
}

@article{koolen2016design,
  title={Design of a momentum-based control framework and application to the humanoid robot atlas},
  author={Koolen, Twan and Bertrand, Sylvain and Thomas, Gray and De Boer, Tomas and Wu, Tingfan and Smith, Jesper and Englsberger, Johannes and Pratt, Jerry},
  journal={International Journal of Humanoid Robotics},
  volume={13},
  number={01},
  pages={1650007},
  year={2016},
  publisher={World Scientific}
}






@article{nguyen1988constructing,
  title={Constructing force-closure grasps},
  author={Nguyen, Van-Duc},
  journal={The International Journal of Robotics Research},
  volume={7},
  number={3},
  pages={3--16},
  year={1988},
  publisher={Sage Publications Sage CA: Thousand Oaks, CA}
}



@inproceedings{kumar2016optimal,
  title={Optimal control with learned local models: Application to dexterous manipulation},
  author={Kumar, Vikash and Todorov, Emanuel and Levine, Sergey},
  booktitle={2016 IEEE International Conference on Robotics and Automation (ICRA)},
  pages={378--383},
  year={2016},
  organization={IEEE}
}

@inproceedings{dafle2014extrinsic,
  title={Extrinsic dexterity: In-hand manipulation with external forces},
  author={Dafle, Nikhil Chavan and Rodriguez, Alberto and Paolini, Robert and Tang, Bowei and Srinivasa, Siddhartha S and Erdmann, Michael and Mason, Matthew T and Lundberg, Ivan and Staab, Harald and Fuhlbrigge, Thomas},
  booktitle={2014 IEEE International Conference on Robotics and Automation (ICRA)},
  pages={1578--1585},
  year={2014},
  organization={IEEE}
}

@article{andrychowicz2018learning,
  title={Learning dexterous in-hand manipulation},
  author={Andrychowicz, Marcin and Baker, Bowen and Chociej, Maciek and Jozefowicz, Rafal and McGrew, Bob and Pachocki, Jakub and Petron, Arthur and Plappert, Matthias and Powell, Glenn and Ray, Alex and others},
  journal={arXiv preprint arXiv:1808.00177},
  year={2018}
}

@inproceedings{lee2015hierarchical,
  title={Hierarchical planning for multi-contact non-prehensile manipulation},
  author={Lee, Gilwoo and Lozano-P{\'e}rez, Tom{\'a}s and Kaelbling, Leslie Pack},
  booktitle={2015 IEEE/RSJ International Conference on Intelligent Robots and Systems (IROS)},
  pages={264--271},
  year={2015},
  organization={IEEE}
}

@inproceedings{miyazawa2005planning,
  title={Planning of graspless manipulation based on rapidly-exploring random trees},
  author={Miyazawa, Kiyokazu and Maeda, Yusuke and Arai, Tamio},
  booktitle={(ISATP 2005). The 6th IEEE International Symposium on Assembly and Task Planning: From Nano to Macro Assembly and Manufacturing, 2005.},
  pages={7--12},
  year={2005},
  organization={IEEE}
}

@article{tedrake2009lqr,
  title={LQR-Trees: Feedback motion planning on sparse randomized trees},
  author={Tedrake, Russ},
  year={2009},
  publisher={MIT Press}
}
  
@inproceedings{schreiber2010fast,
  title={The fast research interface for the kuka lightweight robot},
  author={Schreiber, G{\"u}nter and Stemmer, Andreas and Bischoff, Rainer},
  booktitle={IEEE Workshop on Innovative Robot Control Architectures for Demanding (Research) Applications How to Modify and Enhance Commercial Controllers (ICRA 2010)},
  pages={15--21},
  year={2010},
  organization={Citeseer}
}

@article{haddadin2017robot,
  title={Robot collisions: A survey on detection, isolation, and identification},
  author={Haddadin, Sami and De Luca, Alessandro and Albu-Sch{\"a}ffer, Alin},
  journal={IEEE Transactions on Robotics},
  volume={33},
  number={6},
  pages={1292--1312},
  year={2017},
  publisher={IEEE}
}

@Misc{kuka2019fri,
  author = {{KUKA Roboter GmbH}},
  title  = {Code based documentation of KUKA Fast Robot Interface C++ SDK},
  year   = {2019},
}

@article{raibert1981hybrid,
  title={Hybrid position/force control of manipulators},
  author={Raibert, Marc H and Craig, John J and others},
  journal={Journal of Dynamic Systems, Measurement, and Control},
  volume={103},
  number={2},
  pages={126--133},
  year={1981}
}

@inproceedings{bullo1995proportional,
  title={Proportional derivative (PD) control on the Euclidean group},
  author={Bullo, Francesco},
  year={1995}
}

@inproceedings{manuelli2016localizing,
  title={Localizing external contact using proprioceptive sensors: The contact particle filter},
  author={Manuelli, Lucas and Tedrake, Russ},
  booktitle={2016 IEEE/RSJ International Conference on Intelligent Robots and Systems (IROS)},
  pages={5062--5069},
  year={2016},
  organization={IEEE}
}

@article{duindam2006port,
  title={Port-based modeling and control for efficient bipedal walking robots},
  author={Duindam, Vincent},
  journal={These de doctorat, University of Twente},
  year={2006}
}

@inproceedings{chawda2017toward,
  title={Toward controlling a KUKA LBR IIWA for interactive tracking},
  author={Chawda, Vinay and Niemeyer, G{\"u}nter},
  booktitle={2017 IEEE International Conference on Robotics and Automation (ICRA)},
  pages={1808--1814},
  year={2017},
  organization={IEEE}
}

@inproceedings{schulman2013finding,
  title={Finding Locally Optimal, Collision-Free Trajectories with Sequential Convex Optimization.},
  author={Schulman, John and Ho, Jonathan and Lee, Alex X and Awwal, Ibrahim and Bradlow, Henry and Abbeel, Pieter},
  booktitle={Robotics: science and systems},
  volume={9},
  number={1},
  pages={1--10},
  year={2013},
  organization={Citeseer}
}


@inproceedings{hogan1984impedance,
  title={Impedance control: An approach to manipulation},
  author={Hogan, Neville},
  booktitle={1984 American control conference},
  pages={304--313},
  year={1984},
  organization={IEEE}
}

@article{jain2013manipulation,
  title={Manipulation in clutter with whole-arm tactile sensing},
  author={Jain, Advait and Killpack, Marc D and Edsinger, Aaron and Kemp, Charles C},
  journal={arXiv preprint arXiv:1304.6146},
  year={2013}
}

@article{khatib1987unified,
  title={A unified approach for motion and force control of robot manipulators: The operational space formulation},
  author={Khatib, Oussama},
  journal={IEEE Journal on Robotics and Automation},
  volume={3},
  number={1},
  pages={43--53},
  year={1987},
  publisher={IEEE}
}


@article{mason1981compliance,
  title={Compliance and force control for computer controlled manipulators},
  author={Mason, Matthew T},
  journal={IEEE Transactions on Systems, Man, and Cybernetics},
  volume={11},
  number={6},
  pages={418--432},
  year={1981},
  publisher={IEEE}
}

@article{dietrich2015overview,
  title={An overview of null space projections for redundant, torque-controlled robots},
  author={Dietrich, Alexander and Ott, Christian and Albu-Sch{\"a}ffer, Alin},
  journal={The International Journal of Robotics Research},
  volume={34},
  number={11},
  pages={1385--1400},
  year={2015},
  publisher={SAGE Publications Sage UK: London, England}
}

@misc{franka,
 author={{Franka Emika GmbH}},
 title={Franka control interface documentation},
 year={2019},
 url={https://frankaemika.github.io/docs/index.html}
}

@phdthesis{manuelli2018localizing,
  title={Localizing external contact using proprioceptive sensors: the contact particle filter},
  author={Manuelli, Lucas},
  year={2018},
  school={Massachusetts Institute of Technology}
}

@misc{gurobi,
  author = "{Gurobi Optimization, LLC}",
  title = "Gurobi Optimizer Reference Manual",
  year = 2019,
  url={"http://www.gurobi.com"}
}

@article{spong1987modeling,
  title={Modeling and control of elastic joint robots},
  author={SPONG, MW},
  journal={Journal of dynamic systems, measurement, and control},
  volume={109},
  number={4},
  pages={310--319},
  year={1987},
  publisher={American Society of Mechanical Engineers}
}

@article{albu2007unified,
  title={A unified passivity-based control framework for position, torque and impedance control of flexible joint robots},
  author={Albu-Sch{\"a}ffer, Alin and Ott, Christian and Hirzinger, Gerd},
  journal={The international journal of robotics research},
  volume={26},
  number={1},
  pages={23--39},
  year={2007},
  publisher={Sage Publications Sage CA: Thousand Oaks, CA}
}

@Misc{drake_multibody_quantities,
  author = {{Tedrake and the Drake Development Team}},
  title  = {Drake Terminology and Notation: Multibody Quantities},
  year   = {2021},
  url    = {https://drake.mit.edu/doxygen_cxx/group__multibody__quantities.html},
}

@Misc{tedrake2021manipulation,
  author = {Russ Tedrake},
  title  = {Robot Manipulation: Perception, Planning, and Control (Course Notes for MIT 6.881)},
  year   = {2021},
  url    = {http://manipulation.csail.mit.edu/},
}

@inproceedings{salisbury1980active,
  title={Active stiffness control of a manipulator in cartesian coordinates},
  author={Salisbury, J Kenneth},
  booktitle={1980 19th IEEE conference on decision and control including the symposium on adaptive processes},
  pages={95--100},
  year={1980},
  organization={IEEE}
}

@inproceedings{wang2019impact,
  title={Impact-friendly robust control design with task-space quadratic optimization},
  author={Wang, Yuquan and Kheddar, Abderrahmane},
  booktitle={Robotics: Science and Systems (RSS)},
  year={2019}
}

@article{featherstone1997load,
  title={Load independence of the dynamically consistent inverse of the Jacobian matrix},
  author={Featherstone, Roy and Khatib, Oussama},
  journal={The International Journal of Robotics Research},
  volume={16},
  number={2},
  pages={168--170},
  year={1997},
  publisher={Sage Publications Sage CA: Thousand Oaks, CA}
}

@article{stewart1996implicit,
  title={An implicit time-stepping scheme for rigid body dynamics with inelastic collisions and coulomb friction},
  author={Stewart, David E and Trinkle, Jeffrey C},
  journal={International Journal for Numerical Methods in Engineering},
  volume={39},
  number={15},
  pages={2673--2691},
  year={1996},
  publisher={Wiley Online Library}
}


@article{luo2021learning,
  title={Learning human--environment interactions using conformal tactile textiles},
  author={Luo, Yiyue and Li, Yunzhu and Sharma, Pratyusha and Shou, Wan and Wu, Kui and Foshey, Michael and Li, Beichen and Palacios, Tom{\'a}s and Torralba, Antonio and Matusik, Wojciech},
  journal={Nature Electronics},
  volume={4},
  number={3},
  pages={193--201},
  year={2021},
  publisher={Nature Publishing Group}
}

@inproceedings{pang2021identifying,
  title={Identifying External Contacts from Joint Torque Measurements on Serial Robotic Arms and Its Limitations},
  author={Pang, Tao and Umenberger, Jack and Tedrake, Russ},
  booktitle={2021 IEEE International Conference on Robotics and Automation (ICRA)},
  year={2021},
  organization={IEEE}
}

@Misc{bondgraph,
  title={About Bond Graphs},
  author={Samantaray, Arun},
  year   = {2001},
  url    ={https://groups.csail.mit.edu/drl/journal_club/papers/Samantaray__2001__www.bondgraphs.com_about.pdf},
}

@inproceedings{zwiener2018contact,
  title={Contact Point Localization for Articulated Manipulators with Proprioceptive Sensors and Machine Learning},
  author={Zwiener, Adrian and Geckeler, Christian and Zell, Andreas},
  booktitle={2018 IEEE International Conference on Robotics and Automation (ICRA)},
  pages={323--329},
  year={2018},
  organization={IEEE}
}

@inproceedings{zwiener2019armcl,
  title={ARMCL: ARM Contact point Localization via Monte Carlo Localization.},
  author={Zwiener, Adrian and Hanten, Richard and Schulz, Cornelia and Zell, Andreas},
  booktitle={IROS},
  pages={7105--7111},
  year={2019}
}

@inproceedings{cannata2008embedded,
  title={An embedded artificial skin for humanoid robots},
  author={Cannata, Giorgio and Maggiali, Marco and Metta, Giorgio and Sandini, Giulio},
  booktitle={2008 IEEE International conference on multisensor fusion and integration for intelligent systems},
  pages={434--438},
  year={2008},
  organization={IEEE}
}

@article{loughlin2007dlr,
  title={The DLR lightweight robot: design and control concepts for robots in human environments},
  author={Loughlin, Clive and Albu-Sch{\"a}ffer, A and Haddadin, S and Ott, Ch and Stemmer, A and Wimb{\"o}ck, T and Hirzinger, G},
  journal={Industrial Robot: an international journal},
  year={2007},
  publisher={Emerald Group Publishing Limited}
}

@inproceedings{de2005sensorless,
  title={Sensorless robot collision detection and hybrid force/motion control},
  author={De Luca, Alessandro and Mattone, Raffaella},
  booktitle={Proceedings of the 2005 IEEE international conference on robotics and automation},
  pages={999--1004},
  year={2005},
  organization={IEEE}
}

@article{jain2013reaching,
  title={Reaching in clutter with whole-arm tactile sensing},
  author={Jain, Advait and Killpack, Marc D and Edsinger, Aaron and Kemp, Charles C},
  journal={The International Journal of Robotics Research},
  volume={32},
  number={4},
  pages={458--482},
  year={2013},
  publisher={SAGE Publications Sage UK: London, England}
}

@inproceedings{stewart2000implicit,
  title={An implicit time-stepping scheme for rigid body dynamics with coulomb friction},
  author={Stewart, David and Trinkle, Jeffrey C},
  booktitle={Proceedings 2000 ICRA. Millennium Conference. IEEE International Conference on Robotics and Automation. Symposia Proceedings (Cat. No. 00CH37065)},
  volume={1},
  pages={162--169},
  year={2000},
  organization={IEEE}
}

@article{boot1963sensitivity,
  title={On sensitivity analysis in convex quadratic programming problems},
  author={Boot, John CG},
  journal={Operations Research},
  volume={11},
  number={5},
  pages={771--786},
  year={1963},
  publisher={INFORMS}
}

@article{griewank1989automatic,
  title={On automatic differentiation},
  author={Griewank, Andreas and others},
  journal={Mathematical Programming: recent developments and applications},
  volume={6},
  number={6},
  pages={83--107},
  year={1989},
  publisher={Amsterdam}
}

@article{stellato2020osqp,
  title={OSQP: An operator splitting solver for quadratic programs},
  author={Stellato, Bartolomeo and Banjac, Goran and Goulart, Paul and Bemporad, Alberto and Boyd, Stephen},
  journal={Mathematical Programming Computation},
  pages={1--36},
  year={2020},
  publisher={Springer}
}


@misc{simonsinglelevel,
  doi = {10.48550/ARXIV.2212.06764},
  
  url = {https://arxiv.org/abs/2212.06764},
  
  author = {Cleac'h, Simon Le and Schwager, Mac and Manchester, Zachary and Sindhwani, Vikas and Florence, Pete and Singh, Sumeet},
  
  keywords = {Robotics (cs.RO), FOS: Computer and information sciences, FOS: Computer and information sciences},
  
  title = {Single-Level Differentiable Contact Simulation},
  
  publisher = {arXiv},
  
  year = {2022},
  
  copyright = {arXiv.org perpetual, non-exclusive license}
}

@misc{randomizedsmoothingcollision,
  doi = {10.48550/ARXIV.2209.09012},
  
  url = {https://arxiv.org/abs/2209.09012},
  
  author = {Montaut, Louis and Lidec, Quentin Le and Bambade, Antoine and Petrik, Vladimir and Sivic, Josef and Carpentier, Justin},
  
  keywords = {Robotics (cs.RO), FOS: Computer and information sciences, FOS: Computer and information sciences},
  
  title = {Differentiable Collision Detection: a Randomized Smoothing Approach},
  
  publisher = {arXiv},
  
  year = {2022},
  
  copyright = {arXiv.org perpetual, non-exclusive license}
}

@article{tamsi,
	doi = {10.1109/lra.2020.2969933},
	year = 2020,
	month = {apr},
	publisher = {IEEE},
	volume = {5},
	number = {2},
	pages = {1859--1866},
	author = {Alejandro M. Castro and Ante Qu and Naveen Kuppuswamy and Alex Alspach and Michael Sherman},
	title = {A Transition-Aware Method for the Simulation of Compliant Contact With Regularized Friction},
	journal = {{IEEE} Robotics and Automation Letters}
}